% Encoding: UTF-8

@Article{Yang-Mill:1954,
  author    = {Yang, C. N. and Mills, R. L.},
  title     = {Conservation of Isotopic Spin and Isotopic Gauge Invariance},
  doi       = {10.1103/PhysRev.96.191},
  issue     = {1},
  pages     = {191--195},
  url       = {https://link.aps.org/doi/10.1103/PhysRev.96.191},
  volume    = {96},
  file      = {:Yang-Mill_1954 - Conservation of Isotopic Spin and Isotopic Gauge Invariance.pdf:PDF},
  journal   = {Phys. Rev.},
  month     = {Oct},
  publisher = {American Physical Society},
  year      = {1954},
}

@Article{Zweig:1981pd,
  author      = {Zweig, G.},
  title       = {{An SU(3) model for strong interaction symmetry and its breaking. Version 1}},
  number      = {CERN-TH-401},
  url         = {https://cds.cern.ch/record/352337},
  address     = {Geneva},
  file        = {:Zweig_1981pd - An SU(3) Model for Strong Interaction Symmetry and Its Breaking. Version 1.pdf:PDF},
  institution = {CERN},
  month       = {Jan},
  year        = {1964},
}

@Article{CMS-NOTE-2011-005,
  author      = {{ATLAS Collaboration, CMS Collaboration, LHC Higgs Combination Group}},
  title       = {{Procedure for the LHC Higgs boson search combination in Summer 2011}},
  number      = {CMS-NOTE-2011-005, ATL-PHYS-PUB-2011-11},
  url         = {https://cds.cern.ch/record/1379837},
  address     = {Geneva},
  file        = {:CMS-NOTE-2011-005 - Procedure for the LHC Higgs Boson Search Combination in Summer 2011.pdf:PDF},
  institution = {CERN},
  month       = {Aug},
  year        = {2011},
}

@Comment{jabref-meta: databaseType:biblatex;}

@Comment{jabref-meta: fileDirectory:C:\\Users\\singh\\OneDrive - Northern Illinois University\\jabref\\dissertation;}
